
@url{doculemke,
	Author = {Berhnard von Stengel},
	Date-Added = {2012-08-20 13:30:31 +0100},
	Date-Modified = {2012-08-20 13:31:51 +0100},
	Year = 2012,
	Title = {Implementation of Lemke's algorithm \url{www.csc.liv.ac.uk/~cs0tpi/GSOC/doculemke.pdf}}}

@phdthesis{rahul,
	Author = {Rahul Savani},
	Date-Added = {2012-08-20 13:25:29 +0100},
	Date-Modified = {2012-08-20 13:30:21 +0100},
	School = {London School of Economics},
	Title = {Finding Nash Equilibria of Bimatrix Games},
	Year = {2006}}
